@article{lee79,
 author = {Lee, D. T. and Preparata, F. P.},
 title = {An Optimal Algorithm for Finding the Kernel of a Polygon},
 journal = {J. ACM},
 issue_date = {july 1979},
 volume = {26},
 number = {3},
 month = jul,
 year = {1979},
 issn = {0004-5411},
 pages = {415--421},
 numpages = {7},
 url = {http://doi.acm.org/10.1145/322139.322142},
 doi = {10.1145/322139.322142},
 acmid = {322142},
 publisher = {ACM},
 address = {New York, NY, USA},
} 
